% Encoding: windows-1252


@Misc{FuncalcHome,
  Title                    = {Corecalc and Funcalc Spreadsheet Technology in C Sharp},
  Author                   = {IT University of Copenhagen},
  HowPublished             = {\url{http://www.itu.dk/people/sestoft/funcalc/}}
}

@Misc{Microbenchmarks,
  Title                    = {Microbenchmarks in Java and C Sharp},
  Author                   = {Peter Sestoft (sestoft@itu.dk)},
  Month                    = {9},
  Year                     = {2015}
}

